@Misc{gurc14,
	note    = "O. G{\"{u}}rcan 2014 \textit{Journal of Computational Physics} {\bf269} 156",
}

@Misc{weid94,
	note    = "J.A.C. Weideman, 1994, \textit{SIAM J.Numer.Anal}. {\bf31} 1497",
}

@Misc{citr15a,
	note    = "J. Citrin \textit{et al.} 2015 \textit{Plasma Phys. Control. Fusion} {\bf57}",
}

@Misc{citr15b,
	note    = "J. Citrin \textit{et al.} 2015 \textit{Nucl. Fusion} {\bf55} 092001",
}

@Misc{thisconf,
	note    = "K. van de Plassche \textit{et al.,}; A. Ho \textit{et al.,}; \textit{this conference}",
}

@Misc{bona15,
	note    = "N. Bonanomi \textit{et al.} \textit{Proc. of the 42th EPS Conference on Plasma Physics, Lisbon Portugal, 2015, P 2.122}",
}


@Misc{lin07,
	note    = "Z. Lin \textit{et al.} 2007 \textit{Phys. Rev. Lett.} \textbf{99} 265003",
}

@Misc{arni14,
	note    = "H. Arnichand \textit{et al.} 2014 \textit{Nucl. Fusion} \textbf{54} 123017",
}

@Misc{malj15,
	note    = "E. Maljaars \textit{et al.} 2015 \textit{Nucl. Fusion} \textbf{55} 023001",
}

@Misc{more13,
	note    = "D. Moreau \textit{et al.} 2013 \textit{Nucl. Fusion} \textbf{53} 063020",
}

@Misc{vDon14,
	note    = "J. van Dongen, F. Felici, G.M.D Hogeweij, P. Geelen and E. Maljaars 2014 \textit{Plasma Phys. Control. Fusion} \textbf{56} 125008",
}
 
@Misc{arni15,
	note    = "H. Arnichand \textit{et al.} 2015 \textit{Submitted to Nucl. Fusion}",
}

@Misc{bern15,
	note    = "J. Bernardo \textit{et al.} 2015 \textit{Plasma Phys. Control. Fusion} \textbf{57} 035002",
}

@Misc{hort99,
  note = "W. Horton 1999 \textit{Rev. Mod. Phys.} \textbf{71} 735",
} 

@Misc{ITER2,
	note    = "E.J. Doyle \textit{et al.} Progress in the ITER Physics Basis Chapter 2: Plasma confinement and transport 2007 \textit{Nucl. Fusion} \textbf{47} S18",
}

@Misc{stae07,
	note = "G.M Staebler, J.E Kinsey and R.E Waltz 2007 \textit{Phys. Plasmas} \textbf{14} 055909",
} 

@Misc{lang08,
	note = "Jianying Lang, Scott E. Parker, and Yang Chen 2008 \textit{Phys. Plasmas} \textbf{15} 055907",
} 

@Misc{bour07,
	note = "C. Bourdelle \textit{et al.} 2007 \textit{Phys. Plasmas} \textbf{14} 112501",
}

@Misc{rafi13,
	note = "T. Rafiq \textit{et al.} 2013 \textit{Phys. Plasmas} \textbf{20} 032506",
}

@Misc{cena88,
	note = "G. Cenacchi, A. Taroni, JETTO: A free-boundary plasma transport code, JET-IR (1988)",
}

@Misc{roma13,
	note = "M. Romanelli \textit{et al.}, Proc. 23rd International Toki Conference (2013)",
}

@Misc{roma14,
	note = "M. Romanelli \textit{et al.} 2014 Plasma and Fusion Research Volume 9, 3403023",
}

@Misc{alle92, 
	note = "L. Allen and C.M. Bishop 1992 \textit{Plasma Phys. Control. Fusion} {\bf34} 7 1291",
}	

@Misc{angi12,
	note = "C Angioni \textit{et al.} 2012 \textit{Phys. Plasmas} \textbf{19} 122311",
}

@Misc{cass15, 
	note = "F J Casson \textit{et al.} 2015 \textit{Plasma Phys. Control. Fusion} {\bf57} 014031",
}	

@Misc{cott14, 
	note = "P Cottier \textit{et al.} 2014 \textit{Plasma Phys. Control. Fusion} {\bf56} 015011",
}	
 

@Misc{waka07, 
	note = "A. Wakasa \textit{et al.} 2007 \textit{Jpn. J. Appl. Phys} \textbf{46} 3A 1157",
}	


@Misc{mene14,
        note    = "O. Meneghini, C. J. Luna, S. P. Smith, and L. L. Lao 2014 \textit{Phys. Plasmas} \textbf{21} 060702",          
}

@Misc{list91,
	note    = "J.B. Lister and H. Schnurrenberger 1991 \textit{Nucl. Fusion} \textbf{31} 129",
}

@Misc{clay13, 
	note = "D.J. Clayton \textit{et al.} 2013 \textit{Plasma Phys. Control. Fusion} {\bf55} 095015",
}	

@Misc{sven99, 
	note = "J. Svensson, M. von Hellermann and R.W.T. K{\"{o}}nig 1999 \textit{Plasma Phys. Control. Fusion} {\bf41} 2 315",
}	

@Misc{gaud14, 
	note = "P Gaudio, A Murari, M Gelfusa, I Lupelli and J Vega 2014 \textit{Plasma Phys. Control. Fusion} {\bf56} 114002",
}	

@Misc{wrob97,
	note    = "D. Wroblewski, G.L. Jahns and J.A. Leuer 1997 \textit{Nucl. Fusion} \textbf{37} 725",
}

@Misc{cann04,
	note    = "B. Cannas, A. Fanni, E. Marongiu and P. Sonato 2004 \textit{Nucl. Fusion} \textbf{44} 68",
}

@Misc{vega14,
	note    = "J. Vega \textit{et al.} 2014 \textit{Nucl. Fusion} \textbf{54} 123001",
}


@Misc{kalu11,
	note    = "D. Kalupin, \textit{et al.,} In Europhysics Conference Abstracts (Proc. of the 38th EPS Conference on Plasma Physics, Strasbourg France, 2011) P. 4.111, Vol. 35G ISBN 2-914771-68-1",
}

@Misc{cost10,
	note    = "D.P. Coster, \textit{et al.,} Plasma Science, IEEE Transactions on, 38(9):2085 -2092, 2010"
}


@Misc{arta10,
	note    = "J.F. Artaud \textit{et al.} 2010 \textit{Nucl. Fusion} \textbf{50} 043001",
}

@Misc{feli12,
	note    = "F. Felici and O. Sauter 2012 \textit{Plasma Phys. Control. Fusion} \textbf{54} 025002",
}

@Misc{feli12b,
	note    = "F. Felici \textit{et al.} Proc. 24th Int. Conf. on Fusion Energy (San Diego, CA, 2012) EX/P3-12 www-web.iaea.org/napc/physics/FEC/FEC2012/papers/169{\textunderscore}EXP312.pdf.",
} 

@Misc{baio15,
	note    = "B. Baiocchi \textit{et al.} 2015 \textit{Plasma Phys. Control. Fusion} \textbf{57} 035003",
}
 
@Misc{bourhdr,
	note    = "C. Bourdelle. Turbulent Transport in Tokamak Plasmas: bridging theory and experiment. Physics. Aix Marseille Universit\'{e}, 2015. <tel-01113299>",
}

@Misc{bour16,
	note    = "C Bourdelle \textit{et al.} 2016 \textit{Plasma Phys. Control. Fusion} \textbf{58} 014036",
}

@Misc{casaphd,
	note    = "A. Casati, Ph.D. dessertation, Universite de Provence (Aix-Marseille I), 2009.",
}

@Misc{casa09,
	note    = "A. Casati \textit{et al.} 2009 \textit{Nucl. Fusion} \textbf{49} 085012",
}


@Misc{bish94, 
	note = "C. Bishop \textit{Rev. Sci. Instrum.} 1994 \textbf{65} 1803",
}

@book{hayk98book,
  title={Neural Networks: A Comprehensive Foundation},
  author={Haykin, Simon},
  year={1998},
  publisher={Prentice Hall}
}

@Misc{angi1,
	note    = "C. Angioni \textit{et al.} 2009 \textit{Plasma Phys. Control. Fusion} \textbf{51} 124017",
}

@Misc{angi5,
	note    = "C. Angioni \textit{et al.} 2009 \textit{Plasma Phys. Control. Fusion} \textbf{49} 055013",
}

@Misc{angi2,
	note    = "C. Angioni \textit{et al.} 2007 \textit{Nucl. Fusion} 1326-1335",
}

@Misc{masl1,
	note    = "M. Maslov \textit{et al.} 2018 \textit{Submitted to Nucl. Fusion}",
}

@Misc{bour01,
	note    = "C. Bourdelle \textit{et al.} 2018 \textit{Submitted to Nucl. Fusion}",
}

@book{JETTO,
  title={JETTO: A free-boundary plasma transport code},
  author={G. Cenacchi, A. Taroni},
  year={1988},
  publisher={JET-IR}
}

@Misc{roma02,
	note    = "M. Romanelli \textit{et al.} 2014 \textit{Plasma and Fusion Research Volume 9}", 3403023
}

@Misc{citr01,
	note    = "Citrin, \textit{et al.} 2017 \textit{Plasma Phys. Control. Fusion}, \textbf{59}(12):124005"
}

@book{bish95book,
  title={Neural networks for pattern recognition},
  author={Bishop, Christopher M and others},
  year={1995},
  publisher={Clarendon press Oxford}
}

@Misc{leve44, 
	note = "K .Levenberg 1944 \textit{Quart. Appl. Math.} \textbf{2} 164",
}

@Misc{marq63, 
	note = "D. Marquardt 1973 \textit{SIAM J. Appl. Math.} \textbf{11} 431",
}

@book{denn96book,
  title={Numerical methods for unconstrained optimization and nonlinear equations},
  author={Dennis Jr, John E and Schnabel, Robert B},
  volume={16},
  year={1996},
  publisher={Siam}
}

@Misc{matlab, 
	note = "MATLAB and Neural Network Toolbox Release 2012b, The MathWorks, Inc., Natick, Massachusetts, United States",
}

@Misc{feli11,
	note    = "F. Felici \textit{et al.} 2011 \textit{Nucl. Fusion} \textbf{51} 083052",
}

@Misc{citr10, 
	note = "J. Citrin {\it et al.,} 2010 \textit{Nucl.~Fusion} {\bf50} 115007",
}

@Misc{roma89,
  note = "F. Romanelli, 1989 \textit{Phys. Fluids B} \textbf{1} 1018",
} 

@Misc{ryte11,
        note    = "F. Ryter \textit{et al.,} Nucl. Fusion \textbf{51}, 113016 (2011)",          
}

@Misc{diam91,
  note = "P.H. Diamond and Y.-B. Kim 1991 \textit{Phys. Fluids B} \textbf{3} 1626",
} 

@Misc{kots95,
  note = "M. Kotschenreuther \textit{et al} 1995 \textit{Comput. Phys. Commun.} \textbf{88} 128",
} 

@Misc{hawk12,
  note = "N. Hawkes, 2012, \textit{private communication}",
} 

@Misc{bigl89,
  note = "H. Biglari, P.H. Diamond and M.N. Rosenbluth, 1989 \textit{Phys. Fluids B} \textbf{1} 109",
} 

@Misc{guo93,
  note = "S.C. Guo and F. Romanelli, 1993 \textit{Phys. Fluids B} \textbf{5} 520",
} 

@Misc{diam05, 
	note = "P. Diamond, S-I. Itoh, K.Itoh and T.S. Hahm, 2005 \textit{Plasma Phys. Control. Fusion} {\bf47} R31",
}	

@Misc{roma10, 
	note = "M. Romanelli, A. Zocco, F. Crisanti and JET-EFDA Contributors, 2010 \textit{Plasma Phys. Control. Fusion} {\bf52} 045007",
}	

@Misc{jenk00,
   note    = "F. Jenko, W. Dorland, M. Kotschenreuther and B.N. Rogers 2000 \textit{Phys. Plasmas} \textbf{7} 1904, and http://gene.rzg.mpg.de", 
}

@Misc{gene,
   note    = "See http://gene.rzg.mpg.de for code details and access.", 
}

@Misc{erik93,
	note    = "L.-G. Eriksson, T. Hellsten and U. Will\'{e}n, 1993 \textit{Nucl. Fusion} \textbf{33} 1037",
}

@Misc{dumo09,
	note    = "R. J. Dumont, 2009 \textit{Nucl. Fusion} \textbf{49} 075033",
}


@Misc{burr97,
   note    = "K.H. Burrell 1997 \textit{Phys. Plasmas} \textbf{4} 1499", 
}

@Misc{mcde12,
   note    = "C.J. McDevitt and {\"{O}}.D. G{\"{u}}rcan 2012 \textit{Phys. Plasmas} \textbf{19} 102311", 
}

@Misc{solo06,
   note    = "W.M. Solomon \textit{et al.,} 2006 \textit{Phys. Plasmas} \textbf{13} 056116", 
}

@Misc{houl97,
	note    = "W.A. Houlberg, K.C. Shaing, S.P. Hirshman and M.C. Zarnstroff, 1997 \textit{Phys. Plasmas} \textbf{4} 3230",
}

@Misc{terr00,
  note = "P.W. Terry 2000 \textit{Rev. Mod. Phys.} \textbf{72} 109",
} 

@Misc{stae13,
	note    = "G.M. Staebler, R.E. Waltz, J. Candy and J.E. Kinsey 2013 \textit{Phys. Rev. Lett.} \textbf{110} 055003",
}

@Misc{crom05,
	note    = "K. Cromb\'{e} \textit{et al.} 2005 \textit{Phys. Rev. Lett.} \textbf{95} 155003",
}


@Misc{devr09,
  note    = "P.C. de Vries \textit{et al.} 2009 \textit{Nucl. Fusion} \textbf{49} 075007",          
}

@Misc{chen03,
  note    = "Y. Chen \textit{et al.} 2003 \textit{Nucl. Fusion} \textbf{43} 1121",          
}

@Misc{poli08,
	note    = "P.A. Politzer \textit{et al.} 2008 \textit{Nucl. Fusion} \textbf{48} 075001",
}

@Misc{walt94,
	note = "R.E. Waltz, G.D. Kerbel and J. Milovich 1994 \textit{Phys. Plasmas} \textbf{1} 2229",
} 

@Misc{walt95,
	note = "R.E. Waltz, G.D. Kerbel, J. Milovich and G.W. Hammett 1995 \textit{Phys. Plasmas} \textbf{2} 2408",
} 

@Misc{walt02,
	note = "R.E. Waltz, J.M. Candy and M.N. Rosenbluth 2002 \textit{Phys. Plasmas} \textbf{9} 1938",
} 

@Misc{kins05c,
   note    = "J.E. Kinsey, R.E. Waltz and J. Candy 2005 \textit{Phys. Plasmas} \textbf{12} 062302", 
}

@Misc{kins06,
   note    = "J.E. Kinsey, R.E. Waltz and J. Candy 2006 \textit{Phys. Plasmas} \textbf{13} 022305", 
}

@Misc{walt97,
   note    = "R.E. Waltz, G.M. Staebler, W. Dorland and G.W. Hammett 1997 \textit{Phys. Plasmas} \textbf{4} 2482", 
}

@Misc{kins08,
   note    = "J.E. Kinsey, G.M. Staebler and R.E. Waltz 2008 \textit{Phys. Plasmas} \textbf{15} 055908", 
}

@Misc{catt73,
	note    = "P.J. Catto, M.N. Rosenbluth and C.S. Liu 1973 \textit{Phys. Fluids} \textbf{16} 1719",
}

@Misc{newt10, 
	note = "S.L. Newton, S.C. Cowley and N.F. Loureiro 2010 \textit{Plasma Phys. Control. Fusion} {\bf52} 125001",
}	

@Misc{dimi01,
        note    = "A.M. Dimits, B.I. Cohen, W.M. Nevins and D.E. Shumaker 2001 \textit{Nucl. Fusion} \textbf{40} 1725",         
}

@Misc{mant09,
	note    = "P. Mantica \textit{et al.} 2009 \textit{Phys. Rev. Lett.} \textbf{102} 175002",
}

@Misc{mant11,
   note    = "P. Mantica \textit{et al.} 2011 \textit{Phys. Rev. Lett.} \textbf{107} 135004", 
}

@Misc{mant11b,
   note    = "P. Mantica \textit{et al.} 2011 \textit{Plasma Phys. Control. Fusion} \textbf{53} 124033", 
}

@Misc{migl13,
	note    = "P. Migliano \textit{et al.} \textit{Plasma Phys. Control. Fusion} \textbf{55} 055003",
}

@Misc{mcmi10,
	note    = "B.F. McMillan \textit{et al.} 2010 \textit{Phys. Rev. Lett.} \textbf{105} 155001",
}


@Misc{brix08,
	note    = "M. Brix, N.C. Hawkes, A. Boboc, V. Drozdov, and S.E. Sharapov 2008 \textit{Rev. Sci. Instrum.} \textbf{79} 10F325",
}

@Misc{citr12b,
	note    = "J. Citrin \textit{et al.} 2012 \textit{Plasma Phys. Control. Fusion} \textbf{54} 065008",
}

@Misc{citr14,
	note    = "J. Citrin \textit{et al.} ITPA Transport \& Confinement Topical Group Meeting, ITER IO, October 2014",
}

@Misc{briz07,
   note = "A.J. Brizard and T.S. Hahm 2007 \textit{Rev. Mod. Phys.} \textbf{79} 421�468",
}

@Misc{citr12,
   note    = "J. Citrin \textit{et al.} 2012 \textit{Phys. Plasmas} \textbf{19} 062305", 
}

@Misc{grie12,
   note    = "B. A. Grierson \textit{et al.} 2012 \textit{Phys. Plasmas} \textbf{19} 056107", 
}

@Misc{dann05,
   note    = "T. Dannert and Frank Jenko 2005 \textit{Phys. Plasmas} \textbf{12} 072309", 
}

@Misc{kamm08,
   note    = "M. Kammerer, F. Merz, and F. Jenko 2008 \textit{Phys. Plasmas} \textbf{15} 052102",
}

@Misc{lapi09,
   note    = "X. Lapillonne \textit{et al.} 2009 \textit{Phys. Plasmas} \textbf{16} 032308",
}

@Misc{jenk01,
	note = "F. Jenko, W. Dorland and G.W. Hammett 2001 \textit{Phys. Plasmas} \textbf{8} 4096",
} 

@Misc{high10,
	note    = "E.G. Highcock \textit{et al.} 2010 \textit{Phys. Rev. Lett.} \textbf{105} 215003",
}

@Misc{high12,
	note    = "E.G. Highcock \textit{et al.} 2012 \textit{Phys. Rev. Lett.} \textbf{109} 265001",
}

@Misc{citr13,
	note    = "J. Citrin \textit{et al.} 2013 \textit{Submitted to Phys. Rev. Lett.}",
}

@Misc{dimi00,
        note    = "A.M. Dimits \textit{et al.} 2000 \textit{Phys. Plasmas} \textbf{7} 969",         
}

@Misc{mikk08,
	note    = "D.R. Mikkelsen and W. Dorland 2008 \textit{Phys. Rev. Lett.} \textbf{101} 135003",
}

@Misc{merz08,
  note = "F. Merz and F. Jenko 2008 \textit{Phys. Rev. Lett.} {\bf 100} 035005",
} 


@Misc{merz10,
  note = "F. Merz and F. Jenko 2010 \textit{Nucl. Fusion} {\bf 50} 054005",
} 

@Misc{pues08,
   note    = "M.J. Pueschel, M. Kammerer and F. Jenko 2008 \textit{Phys. Plasmas} \textbf{15} 102310", 
}

@Misc{pues10,
   note    = "M.J. Pueschel and F. Jenko 2010 \textit{Phys. Plasmas} \textbf{17} 062307", 
}

@Misc{hedi02,
        note    = "J. Hedin, T. Hellsten, L.-G. Eriksson and T. Johnson 2002 \textit{Nucl. Fusion} \textbf{42} 527",          
}

@Misc{pues13,
	note    = "M.J. Pueschel \textit{et al.} 2013 \textit{Phys. Rev. Lett.} \textbf{110} 155005",
}

@Misc{citrin13,
	note    = "J. Citrin \textit{et al.} 2013 \textit{Submitted to Phys. Rev. Lett.}",
}

@Misc{mili11,
        note    = "F. Militello, M. Romanelli, J.W. Connor and R.J. Hastie 2011 \textit{Nucl. Fusion} \textbf{51} 033006",          
}

@Misc{weil92, 
	note = "J. Weiland and A. Hirose 1992 \textit{Nucl. Fusion} \textbf{32} 151",
}

@Misc{tard08,
        note    = "G. Tardini \textit{et al.} 2007 \textit{Nucl. Fusion} \textbf{47} 280",          
}

@Misc{schn11, 
	note = "M. Schneider \textit{et al.} 2011 \textit{Nucl. Fusion} \textbf{51} 063019",
} 

@Misc{holl11,
   note    = "C. Holland \textit{et al.} 2011 \textit{Phys. Plasmas} \textbf{18} 056113", 
}

@Misc{holl12,
   note    = "C. Holland \textit{et al.} 2012 \textit{Nucl. Fusion} \textbf{52} 114007", 
}

@Misc{barn10,
	note    = "M. Barnes \textit{et al.} 2010 \textit{Phys. Rev. Lett.} \textbf{106} 175004",
}

@Misc{roac09, 
	note = "C.M. Roach \textit{et al.}, 2009 \textit{Plasma Phys. Control. Fusion} {\bf13} 124020",
}	

@Misc{huys91,
	note    = "G.T.A. Huysmans, J.P. Goedbloed and W. Kerner 1991 \textit{CP90 Conf. on Comp. Physics (Singapore: Word Scientific) p~371}",
}

@Misc{beli02,
	note    = "A.J.C. Beli{\"{e}}n, M.A. Botchev, J.P. Goedbloed, B. van der Holst and R. Keppens 2002 \textit{J. Comp. Phys.} \textbf{11} 91",
}

@Misc{merz12,
	note    = "F. Merz, C. Kowitz, E. Romero, J.E. Roman and F. Jenko 2012 \textit{Comput. Phys. Commun.} \textbf{183} 922",
}

@Misc{cand03,
	note    = "J. Candy and R. Waltz 2003 \textit{J. Comput. Phys.} \textbf{186} 545",
}

@Misc{kins05,
	note    = "J.E Kinsey, R.E. Waltz and J. Candy 2005 \textit{Phys. Plasmas} \textbf{12} 062302",
}

@Misc{hamm06,
	note    = "G.W. Hammett, W. Dorland, N.F. Loureiro, and T. Tatsuno. Implementation
of Large Scale ExB Shear Flow in the GS2 Gyrokinetic Turbulence Code. \textit{APS Meeting Abstracts}, pages 1136P�+, October 2006",
}

@Misc{magg10,
	note = "C.F. Maggi {\it et al.} 2010 Nucl. Fusion {\bf 50} 025023",
}

@Misc{wagn07, 
	note = "F. Wagner 2007 \textit{Plasma Phys. Control. Fusion} \textbf{49} B1",
}	

@Misc{vers11,
	note = "T.W. Versloot {\it et al.} 2011 \textit{Nucl. Fusion} \textbf{51} 103033",
} 

@Misc{cand04,
   note    = "J. Candy, R.E. Waltz, and W. Dorland 2004 \textit{Phys. Plasmas} \textbf{11} L25", 
}

@Misc{hiro05,
	note = "A. Hirose, S. Livingstone and A.K. Singh 2005 \textit{Nucl. Fusion} \textbf{45} 1628",
} 

@Misc{bour05,
	note = "C. Bourdelle {\it et al.} 2005 \textit{Nucl. Fusion} \textbf{45} 110",
} 

@Misc{li04,
	note = "L. Jiquan and Y. Kishimoto, 2005 \textit{Phys. Plasmas} \textbf{12} 054505",
} 

@Misc{cand05,
	note = "J. Candy, 2005 \textit{Phys. Plasmas} \textbf{12} 072307",
} 
